<record><leader>00000cas a2200000 a 4500</leader><controlfield tag="001">12437206</controlfield><controlfield tag="008">850829d18901925aluwr ne      0    0eng d</controlfield><datafield ind1=" " ind2=" " tag="010"><subfield code="a">sn 87050063 </subfield></datafield><datafield ind1=" " ind2=" " tag="040"><subfield code="a">AAA</subfield><subfield code="b">eng</subfield><subfield code="c">AAA</subfield><subfield code="d">CPN</subfield><subfield code="d">OCL</subfield><subfield code="d">OCLCQ</subfield></datafield><datafield ind1=" " ind2=" " tag="042"><subfield code="a">msc</subfield></datafield><datafield ind1="0" ind2=" " tag="130"><subfield code="a">Florence times (Florence, Ala. : 1890)</subfield></datafield><datafield ind1="1" ind2="4" tag="245"><subfield code="a">The Florence times.</subfield></datafield><datafield ind1=" " ind2=" " tag="260"><subfield code="a">Florence, Ala. :</subfield><subfield code="b">M.W. Camper &amp; C.W. Ashcraft</subfield></datafield><datafield ind1=" " ind2=" " tag="300"><subfield code="a">v.</subfield></datafield><datafield ind1=" " ind2=" " tag="310"><subfield code="a">Weekly</subfield></datafield><datafield ind1="0" ind2=" " tag="362"><subfield code="a">-v. 36, no. 27 (Dec. 4, 1925).</subfield></datafield><datafield ind1="1" ind2=" " tag="362"><subfield code="a">Began with vol. 1, no. 1 (July 4, 1890).</subfield><subfield code="z">Cf. Ellison, R.C. Hist. and bibl. of Ala. newspapers in the nineteenth century.</subfield></datafield><datafield ind1=" " ind2=" " tag="580"><subfield code="a">Also published a daily edition.</subfield></datafield><datafield ind1=" " ind2=" " tag="588"><subfield code="a">Description based on: Vol. 1, no. 27 (Jan. 2, 1891).</subfield></datafield><datafield ind1=" " ind2=" " tag="752"><subfield code="a">United States</subfield><subfield code="b">Alabama</subfield><subfield code="c">Lauderdale</subfield><subfield code="d">Florence.</subfield></datafield><datafield ind1="0" ind2="7" tag="785"><subfield code="t">Florence daily news</subfield><subfield code="w">(DLC)sn 87050062</subfield><subfield code="w">(OCoLC)9191452</subfield></datafield><datafield ind1="0" ind2="7" tag="785"><subfield code="t">Florence times-news</subfield><subfield code="w">(DLC)sn 87050064</subfield><subfield code="w">(OCoLC)12416185</subfield></datafield></record>